@misc{ovs_acceleration,
  author = {Justin Pettit},
  title ={{Accelerating Open vSwitch to ``Ludicrous Speed''}},
  howpublished ={{Blog post: Network Heresy - Talses of the network reformation,  \url{https://networkheresy.com/2014/11/13/accelerating-open-vswitch-to-ludicrous-speed/}}},
  year = 2014
}


@article{Gupta:2001:APC:2329014.2329458,
 author = {Gupta, P. and McKeown, N.},
 title = {Algorithms for Packet Classification},
 journal = {Netwrk. Mag. of Global Internetwkg.},
 issue_date = {March 2001},
 volume = {15},
 number = {2},
 year = {2001},
 pages = {24--32},
 numpages = {9},
}

@inproceedings{Csikor:2018:PIC:3234200.3234250,
 author = {Csikor, Levente and Rothenberg, Christian and Pezaros, Dimitrios P. and Schmid, Stefan and Toka, L\'{a}szl\'{o} and R{\'e}tv\'{a}ri, G\'{a}bor},
 title = {Policy Injection: A Cloud Dataplane DoS Attack},
 booktitle = {Proceedings of the ACM SIGCOMM 2018 Conference on Posters and Demos},
 series = {SIGCOMM '18},
 year = {2018},
 isbn = {978-1-4503-5915-3},
 location = {Budapest, Hungary},
 pages = {147--149},
 numpages = {3},
 url = {http://doi.acm.org/10.1145/3234200.3234250},
 doi = {10.1145/3234200.3234250},
 acmid = {3234250},
 publisher = {ACM},
 address = {New York, NY, USA},
 keywords = {Cloud security, DoS, OVS, policy injection},
} 